@incollection{olkkola2008midazolam,
  title={Midazolam and other benzodiazepines},
  author={Olkkola, KT and Ahonen, J},
  booktitle={Modern Anesthetics},
  pages={335--360},
  year={2008},
  publisher={Springer}
}
@article{rudolph1999benzodiazepine,
  title={Benzodiazepine actions mediated by specific $\gamma$-aminobutyric acidA receptor subtypes},
  author={Rudolph, Uwe and Crestani, Florence and Benke, Dietmar and Br{\"u}nig, Ina and Benson, Jack A and Fritschy, Jean-Marc and Martin, James R and Bluethmann, Horst and M{\"o}hler, Hanns},
  journal={Nature},
  volume={401},
  number={6755},
  pages={796--800},
  year={1999},
  publisher={Nature Publishing Group}
}
@article{kopp2004modulation,
  title={Modulation of rhythmic brain activity by diazepam: GABAAreceptor subtype and state specificity},
  author={Kopp, C and Rudolph, U and L{\"o}w, K and Tobler, I},
  journal={Proceedings of the National Academy of Sciences of the United States of America},
  volume={101},
  number={10},
  pages={3674--3679},
  year={2004},
  publisher={National Acad Sciences}
}
@Article{Greenblatt1978,
author="Greenblatt, David J.
and Shader, Richard I.
and MacLeod, Stuart M.
and Sellers, Edward M.",
title="Clinical Pharmacokinetics of Chlordiazepoxide",
journal="Clinical Pharmacokinetics",
year="1978",
volume="3",
number="5",
pages="381--394",
abstract="Chlordiazepoxide was the first benzodiazepine derivative made available for clinical use. The metabolic pathway of chlordiazepoxide is complex, since the drug is biolransformed into a succession of pharmacologically active products: desmethylchlordiazepoxide, demoxepam, desmethyldiazepam, and oxazepam. The elimination half-life (t1/2$\beta$) chlordiazepoxide following single doses in healthy individuals generally ranges from 5 to 30 hours, and the volume of distribution from 0.25 to 0.50 liters/kg. The hepatic extraction ratio is well under 5 {\%}. Elimination of the parent compound is mirrored by formation of the first active metabolite.",
issn="1179-1926",
doi="10.2165/00003088-197803050-00004",
url="http://dx.doi.org/10.2165/00003088-197803050-00004"
}

@Article{Greenblatt1981,
author="Greenblatt, David J.",
title="Clinical Pharmacokinetics of Oxazepam and Lorazepam",
journal="Clinical Pharmacokinetics",
year="1981",
volume="6",
number="2",
pages="89--105",
abstract="Oxazepam and lorazepam are 3-hydroxy benzodiazepine derivatives used as sedatives and anxiolytics. The major metabolic pathway for both compounds involves conjugation to glucuronic acid at the 3-position, followed by urinary excretion of the inactive glucuronide metabolite.",
issn="1179-1926",
doi="10.2165/00003088-198106020-00001",
url="http://dx.doi.org/10.2165/00003088-198106020-00001"
}
@article{zhou2009substrates,
  title={Substrates, inducers, inhibitors and structure-activity relationships of human Cytochrome P450 2C9 and implications in drug development},
  author={Zhou, S-F and Zhou, Z-W and Yang, L-P and Cai, J-P},
  journal={Current medicinal chemistry},
  volume={16},
  number={27},
  pages={3480--3675},
  year={2009},
  publisher={Bentham Science Publishers}
}
@article {RCM:RCM3613,
author = {Umezawa, Hironobu and Lee, Xiao-Pen and Arima, Yoshiko and Hasegawa, Chika and Marumo, Akemi and Kumazawa, Takeshi and Sato, Keizo},
title = {Determination of diazepam and its metabolites in human urine by liquid chromatography/tandem mass spectrometry using a hydrophilic polymer column},
journal = {Rapid Communications in Mass Spectrometry},
volume = {22},
number = {15},
publisher = {John Wiley & Sons, Ltd.},
issn = {1097-0231},
url = {http://dx.doi.org/10.1002/rcm.3613},
doi = {10.1002/rcm.3613},
pages = {2333--2341},
year = {2008},
}
@article{schwartz1971biological,
  title={Biological half-life of chlordiazepoxide and its metabolite, demoxepam, in man},
  author={Schwartz, Morton A and Postma, Edward and Gaut, Zane},
  journal={Journal of pharmaceutical sciences},
  volume={60},
  number={10},
  pages={1500--1503},
  year={1971},
  publisher={Wiley Online Library}
}
@article{elliott1976metabolism,
  title={Metabolism of lorazepam},
  author={Elliott, HW},
  journal={British journal of anaesthesia},
  volume={48},
  number={10},
  pages={1017--1023},
  year={1976},
  publisher={British Jrnl Anaesthesia}
}
@misc{death,
  title = {Overdose Death Rates},
  howpublished = {https://www.drugabuse.gov/related-topics/trends-statistics/overdose-death-rates},
  note = {Accessed: 2017-05-30}
}